@article{Hu:1997hv,
      author         = "Hu, Wayne and White, Martin J.",
      title          = "{A CMB polarization primer}",
      journal        = "New Astron.",
      volume         = "2",
      year           = "1997",
      pages          = "323",
      doi            = "10.1016/S1384-1076(97)00022-5",
      eprint         = "astro-ph/9706147",
      archivePrefix  = "arXiv",
      primaryClass   = "astro-ph",
      SLACcitation   = "%%CITATION = ASTRO-PH/9706147;%%"
}

@article{Yamazaki:2012pg,
      author         = "Yamazaki, Dai G. and Kajino, Toshitaka and Mathew, Grant
                        J. and Ichiki, Kiyotomo",
      title          = "{The Search for a Primordial Magnetic Field}",
      journal        = "Phys. Rept.",
      volume         = "517",
      year           = "2012",
      pages          = "141-167",
      doi            = "10.1016/j.physrep.2012.02.005",
      eprint         = "1204.3669",
      archivePrefix  = "arXiv",
      primaryClass   = "astro-ph.CO",
      SLACcitation   = "%%CITATION = ARXIV:1204.3669;%%"
}

@article{Ade:2015xua,
      author         = "Ade, P. A. R. and others",
      title          = "{Planck 2015 results. XIII. Cosmological parameters}",
      collaboration  = "Planck",
      year           = "2015",
      eprint         = "1502.01589",
      archivePrefix  = "arXiv",
      primaryClass   = "astro-ph.CO",
      SLACcitation   = "%%CITATION = ARXIV:1502.01589;%%"
}

@article{Ade:2015cao,
      author         = "Ade, Peter A. R. and others",
      title          = "{POLARBEAR Constraints on Cosmic Birefringence and
                        Primordial Magnetic Fields}",
      collaboration  = "POLARBEAR",
      journal        = "Phys. Rev.",
      volume         = "D92",
      year           = "2015",
      pages          = "123509",
      doi            = "10.1103/PhysRevD.92.123509",
      eprint         = "1509.02461",
      archivePrefix  = "arXiv",
      primaryClass   = "astro-ph.CO",
      SLACcitation   = "%%CITATION = ARXIV:1509.02461;%%"
}

@article{Ade:2015cva,
      author         = "Ade, P. A. R. and others",
      title          = "{Planck 2015 results. XIX. Constraints on primordial
                        magnetic fields}",
      collaboration  = "Planck",
      year           = "2015",
      eprint         = "1502.01594",
      archivePrefix  = "arXiv",
      primaryClass   = "astro-ph.CO",
      SLACcitation   = "%%CITATION = ARXIV:1502.01594;%%"
}

@article{Giovannini:2003yn,
      author         = "Giovannini, Massimo",
      title          = "{The Magnetized universe}",
      journal        = "Int. J. Mod. Phys.",
      volume         = "D13",
      year           = "2004",
      pages          = "391-502",
      doi            = "10.1142/S0218271804004530",
      eprint         = "astro-ph/0312614",
      archivePrefix  = "arXiv",
      primaryClass   = "astro-ph",
      reportNumber   = "CERN-TH-2003-307",
      SLACcitation   = "%%CITATION = ASTRO-PH/0312614;%%"
}

@article{Widrow:2002ud,
      author         = "Widrow, Lawrence M.",
      title          = "{Origin of galactic and extragalactic magnetic fields}",
      journal        = "Rev. Mod. Phys.",
      volume         = "74",
      year           = "2002",
      pages          = "775-823",
      doi            = "10.1103/RevModPhys.74.775",
      eprint         = "astro-ph/0207240",
      archivePrefix  = "arXiv",
      primaryClass   = "astro-ph",
      SLACcitation   = "%%CITATION = ASTRO-PH/0207240;%%"
}

@article{Robishaw:2008ti,
      author         = "Robishaw, Timothy and Quataert, Eliot and Heiles, Carl",
      title          = "{Extragalactic Zeeman Detections in OH Megamasers}",
      journal        = "Astrophys. J.",
      volume         = "680",
      year           = "2008",
      pages          = "981",
      doi            = "10.1086/588031",
      eprint         = "0803.1832",
      archivePrefix  = "arXiv",
      primaryClass   = "astro-ph",
      SLACcitation   = "%%CITATION = ARXIV:0803.1832;%%"
}

@article{Abazajian:2013oma,
      author         = "Abazajian, K. N. and others",
      title          = "{Neutrino Physics from the Cosmic Microwave Background
                        and Large Scale Structure}",
      collaboration  = "Topical Conveners: K.N. Abazajian, J.E. Carlstrom, A.T.
                        Lee",
      journal        = "Astropart. Phys.",
      volume         = "63",
      year           = "2015",
      pages          = "66-80",
      doi            = "10.1016/j.astropartphys.2014.05.014",
      eprint         = "1309.5383",
      archivePrefix  = "arXiv",
      primaryClass   = "astro-ph.CO",
      reportNumber   = "FERMILAB-PUB-13-438-A",
      SLACcitation   = "%%CITATION = ARXIV:1309.5383;%%"
}

@article{Gnedin:2000ax,
      author         = "Gnedin, Nickolay Y. and Ferrara, Andrea and Zweibel,
                        Ellen G.",
      title          = "{Generation of the primordial magnetic fields during
                        cosmological reionization}",
      journal        = "Astrophys. J.",
      volume         = "539",
      year           = "2000",
      pages          = "505-516",
      doi            = "10.1086/309272",
      eprint         = "astro-ph/0001066",
      archivePrefix  = "arXiv",
      primaryClass   = "astro-ph",
      SLACcitation   = "%%CITATION = ASTRO-PH/0001066;%%"
}

@article{Benson:2014qhw,
      author         = "Benson, B. A. and others",
      title          = "{SPT-3G: A Next-Generation Cosmic Microwave Background
                        Polarization Experiment on the South Pole Telescope}",
      booktitle      = "{Proceedings, SPIE Astronomical Telescopes +
                        Instrumentation 2014: Millimeter, Submillimeter, and
                        Far-Infrared Detectors and Instrumentation for Astronomy
                        VII: Montreal, Quebec, Canada, June 24-27, 2014}",
      collaboration  = "SPT-3G",
      journal        = "Proc. SPIE Int. Soc. Opt. Eng.",
      volume         = "9153",
      year           = "2014",
      pages          = "91531P",
      doi            = "10.1117/12.2057305",
      eprint         = "1407.2973",
      archivePrefix  = "arXiv",
      primaryClass   = "astro-ph.IM",
      reportNumber   = "FERMILAB-CONF-14-197-AE",
      SLACcitation   = "%%CITATION = ARXIV:1407.2973;%%"
}

@article{Henderson:2015nzj,
      author         = "Henderson, S. W. and others",
      title          = "{Advanced ACTPol Cryogenic Detector Arrays and Readout}",
      booktitle      = "{Proceedings, 16th International Workshop on Low
                        Temperature Detectors (LTD 16): Grenoble, France, July
                        20-24, 2016}",
      journal        = "J. Low. Temp. Phys.",
      volume         = "184",
      year           = "2016",
      number         = "3-4",
      pages          = "772-779",
      doi            = "10.1007/s10909-016-1575-z",
      eprint         = "1510.02809",
      archivePrefix  = "arXiv",
      primaryClass   = "astro-ph.IM",
      SLACcitation   = "%%CITATION = ARXIV:1510.02809;%%"
}

@article{PhysRevD.86.063003,
  title = {Updated constraint on a primordial magnetic field during big bang nucleosynthesis and a formulation of field effects},
  author = {Kawasaki, Masahiro and Kusakabe, Motohiko},
  journal = {Phys. Rev. D},
  volume = {86},
  issue = {6},
  pages = {063003},
  numpages = {12},
  year = {2012},
  month = {Sep},
  publisher = {American Physical Society},
  doi = {10.1103/PhysRevD.86.063003},
  url = {http://link.aps.org/doi/10.1103/PhysRevD.86.063003}


@article{39087c288ce54d4bb9580169e1666880,
title = "Primordial gravitational waves and cosmology",
author = "Krauss, {Lawrence M.} and Scott Dodelson and Stephan Meyer",
year = "2010",
month = "5",
doi = "10.1126/science.1179541",
volume = "328",
pages = "989--992",
journal = "Science",
issn = "0036-8075",
publisher = "American Association for the Advancement of Science",
number = "5981",

}

@article{PhysRevD.37.2743,
  title = {Inflation-produced, large-scale magnetic fields},
  author = {Turner, Michael S. and Widrow, Lawrence M.},
  journal = {Phys. Rev. D},
  volume = {37},
  issue = {10},
  pages = {2743--2754},
  numpages = {0},
  year = {1988},
  month = {May},
  publisher = {American Physical Society},
  doi = {10.1103/PhysRevD.37.2743},
  url = {http://link.aps.org/doi/10.1103/PhysRevD.37.2743}
}

@article{Suzuki:2015zzg,
      author         = "Suzuki, A. and others",
      title          = "{The POLARBEAR-2 and the Simons Array Experiment}",
      booktitle      = "{Proceedings, 16th International Workshop on Low
                        Temperature Detectors (LTD 16): Grenoble, France, July
                        20-24, 2016}",
      collaboration  = "POLARBEAR",
      journal        = "J. Low. Temp. Phys.",
      volume         = "184",
      year           = "2016",
      number         = "3-4",
      pages          = "805-810",
      doi            = "10.1007/s10909-015-1425-4",
      eprint         = "1512.07299",
      archivePrefix  = "arXiv",
      primaryClass   = "astro-ph.IM",
      SLACcitation   = "%%CITATION = ARXIV:1512.07299;%%"
}

@article{Tegmark:1997vs,
      author         = "Tegmark, Max",
      title          = "{CMB mapping experiments: A Designer's guide}",
      journal        = "Phys. Rev.",
      volume         = "D56",
      year           = "1997",
      pages          = "4514-4529",
      doi            = "10.1103/PhysRevD.56.4514",
      eprint         = "astro-ph/9705188",
      archivePrefix  = "arXiv",
      primaryClass   = "astro-ph",
      reportNumber   = "IASSNS-AST-97-39",
      SLACcitation   = "%%CITATION = ASTRO-PH/9705188;%%"
}

@article{PhysRevD.80.023510,
  title = {Derotation of the cosmic microwave background polarization: Full-sky formalism},
  author = {Gluscevic, Vera and Kamionkowski, Marc and Cooray, Asantha},
  journal = {Phys. Rev. D},
  volume = {80},
  issue = {2},
  pages = {023510},
  numpages = {13},
  year = {2009},
  month = {Jul},
  publisher = {American Physical Society},
  doi = {10.1103/PhysRevD.80.023510},
  url = {http://link.aps.org/doi/10.1103/PhysRevD.80.023510}
}

@ARTICLE{1991A&A...241...47B,
   author = {{Buczilowski}, U.~R. and {Beck}, R.},
    title = "{A multifrequency radio continuum survey of M33. III - The magnetic field}",
  journal = {\aap},
 keywords = {Interstellar Magnetic Fields, Radio Astronomy, Sky Surveys (Astronomy), Spiral Galaxies, Astronomical Models, Linear Polarization, Magnetic Field Configurations, Synchrotron Radiation, spiral galaxies: M33, radio continuum, polarization, Faraday effects, interstellar magnetic field},
     year = 1991,
    month = jan,
   volume = 241,
    pages = {47-56},
   adsurl = {http://adsabs.harvard.edu/abs/1991A%26A...241...47B},
  adsnote = {Provided by the SAO/NASA Astrophysics Data System}
}

@article{Lamarre:2003zh,
      author         = "Lamarre, Jean-Michel and others",
      title          = "{The planck high frequency instrument, a 3rd generation
                        cmb experiment, and a full sky submillimeter survey}",
      booktitle      = "{Workshop on The Cosmic Microwave Background Radiation
                        and its Polarization Minneapolis, Minnesota, March 19-22,
                        2003}",
      journal        = "New Astron. Rev.",
      volume         = "47",
      year           = "2003",
      pages          = "1017",
      doi            = "10.1016/j.newar.2003.09.006",
      eprint         = "astro-ph/0308075",
      archivePrefix  = "arXiv",
      primaryClass   = "astro-ph",
      SLACcitation   = "%%CITATION = ASTRO-PH/0308075;%%"
}

@article{Adam:2015vua,
      author         = "Adam, R. and others",
      title          = "{Planck 2015 results. VIII. High Frequency Instrument
                        data processing: Calibration and maps}",
      collaboration  = "Planck",
      journal        = "Astron. Astrophys.",
      volume         = "594",
      year           = "2016",
      pages          = "A8",
      doi            = "10.1051/0004-6361/201525820",
      eprint         = "1502.01587",
      archivePrefix  = "arXiv",
      primaryClass   = "astro-ph.CO",
      SLACcitation   = "%%CITATION = ARXIV:1502.01587;%%"
}

@ARTICLE{2009arXiv0901.0721A,
   author = {{Albrecht}, A. and {Amendola}, L. and {Bernstein}, G. and {Clowe}, D. and 
	{Eisenstein}, D. and {Guzzo}, L. and {Hirata}, C. and {Huterer}, D. and 
	{Kirshner}, R. and {Kolb}, E. and {Nichol}, R.},
    title = "{Findings of the Joint Dark Energy Mission Figure of Merit Science Working Group}",
  journal = {ArXiv e-prints},
archivePrefix = "arXiv",
   eprint = {0901.0721},
 primaryClass = "astro-ph.IM",
 keywords = {Astrophysics - Instrumentation and Methods for Astrophysics},
     year = 2009,
    month = jan,
   adsurl = {http://adsabs.harvard.edu/abs/2009arXiv0901.0721A},
  adsnote = {Provided by the SAO/NASA Astrophysics Data System}
}

@article{Albrecht:2006um,
      author         = "Albrecht, Andreas and others",
      title          = "{Report of the Dark Energy Task Force}",
      year           = "2006",
      eprint         = "astro-ph/0609591",
      archivePrefix  = "arXiv",
      primaryClass   = "astro-ph",
      reportNumber   = "FERMILAB-FN-0793-A",
      SLACcitation   = "%%CITATION = ASTRO-PH/0609591;%%"
}

@article{Challinor:2005jy,
      author         = "Challinor, Anthony and Lewis, Antony",
      title          = "{Lensed CMB power spectra from all-sky correlation
                        functions}",
      journal        = "Phys. Rev.",
      volume         = "D71",
      year           = "2005",
      pages          = "103010",
      doi            = "10.1103/PhysRevD.71.103010",
      eprint         = "astro-ph/0502425",
      archivePrefix  = "arXiv",
      primaryClass   = "astro-ph",
      SLACcitation   = "%%CITATION = ASTRO-PH/0502425;%%"
}

@misc{ p5,
   author = "P5",
   title = "Building for Discovery
Strategic Plan for U.S. Particle Physics in the Global Context",
   year = "2014",
   url = "\url{http://science.energy.gov/~/media/hep/hepap/pdf/May-2014/FINAL_P5_Report_Interactive_060214.pdf}",
   note = "[Online; accessed 21-October-2016]"
}

@article{Subramanian:2008tt,
      author         = "Subramanian, Kandaswamy",
      title          = "{Magnetizing the universe}",
      booktitle      = "{Proceedings, IAU Symposium on From Planets to Dark
                        Energy: The Modern Radio Universe (MRU 2007): Manchester,
                        England, October 1-6, 2007}",
      journal        = "PoS",
      volume         = "MRU",
      year           = "2007",
      pages          = "071",
      eprint         = "0802.2804",
      archivePrefix  = "arXiv",
      primaryClass   = "astro-ph",
      SLACcitation   = "%%CITATION = ARXIV:0802.2804;%%"
}

@ARTICLE{2012JCAP...11..055F,
   author = {{Fedeli}, C. and {Moscardini}, L.},
    title = "{Constraining primordial magnetic fields with future cosmic shear surveys}",
  journal = {\jcap},
archivePrefix = "arXiv",
   eprint = {1209.6332},
     year = 2012,
    month = nov,
   volume = 11,
      eid = {055},
    pages = {055},
      doi = {10.1088/1475-7516/2012/11/055},
   adsurl = {http://adsabs.harvard.edu/abs/2012JCAP...11..055F},
  adsnote = {Provided by the SAO/NASA Astrophysics Data System}
}

@ARTICLE{beck,
   author = {{Beck et. al.}, Rainer Beck, Axel Brandenburg, Anvar Shukurov, David Moss, Dmitry Sokoloff},
    title = "{GALACTIC MAGNETISM: Recent Developments and Perspectives}",
  journal = {Annual Review of Astronomy and Astrophysics
},
archivePrefix = "arXiv",
   eprint = {1209.6332},
     year = 1996,
   volume = 34,
      eid = {155},
    pages = {206},
      doi = {10.1146/annurev.astro.34.1.155},
}


@misc{Biermann,
   author = "Ellen {Zweibel} and Alan {Stonebraker}",
   title = "Viewpoint: The Seeds of a Magnetic Universe",
   year = "2013",
   url = "\url{https://physics.aps.org/articles/v6/85}",
   note = "[Online; accessed 21-October-2016]"
}
